2826 4630
752 183 928 296 [rra]

227 319 232 332 ’
339 330 391 428 R3
410 327 470 406 &o
485 325 522 400 in
537 351 566 398 a,
580 321 659 420 23,st
680 318 742 396 &o
759 317 1042 416 concurrentibus,
1063 337 1162 396 erunt
1176 321 1246 400 haec
1266 326 1355 402 toti·

149 427 153 435 '
274 421 277 426 ’
337 431 414 507 dem
429 423 550 522 pundia
566 419 717 493 sediionis
733 417 961 492 describendae.

283 561 287 573 ·
386 527 468 598 curn
483 519 524 592 ad
538 517 697 588 redarum
709 515 799 606 TX,
811 516 891 588 TY
908 513 1145 612 puntiantagis
1159 513 1353 616 longinqua

337 619 513 694 deventum
537 613 636 688 fucrit
660 614 761 710 quarn
777 611 870 708 praxi
896 610 1076 704 conuenit,
1098 633 1157 685 aut
1182 605 1352 688 'retiatum

338 715 491 812 QLRt
509 707 696 786 interstitio
712 709 812 875 mappis
828 704 963 813 obliqua
977 707 1117 780 evaserit
1128 713 1228 805 quint
1244 731 1282 784 ut
1300 711 1353 785 sa·
1383 696 1392 724 ⁶

338 813 381 886 tis
406 805 556 884 accurat&
571 807 679 880 notari
704 829 747 910 po
774 803 814 894 it,
836 803 967 899 utrique
991 803 1202 898 incommodo
1223 807 1353 892 mederi

338 907 428 995 licet,
451 905 649 1004 punitorum
660 899 934 1000 patmodatoruut
952 898 1042 996 loco,
1064 900 1126 975 alia
1147 902 1350 978 &commo-

337 1005 431 1079 diora
452 1025 493 1075 ex
508 1001 573 1098 jam
588 997 733 1074 inventia
747 993 949 1071 adhibendo·
1057 1069 1061 1076 ,

388 1097 575 1172 Innotestet
593 1113 711 1188 autern,
722 1093 763 1188 (fi
778 1115 861 1192 opus
877 1092 1001 1188 fuerit)
1018 1093 1167 1168 nondum
1183 1093 1348 1194 descripti

339 1195 494 1289 statione,
506 1192 599 1291 cujus
611 1192 738 1288 generis
753 1189 862 1263 futura
879 1189 928 1263 stt.
963 1190 1343 1288 Namfijuxtacoraldr·
1394 1245 1398 1252 -

340 1313 436 1390 prop.
449 1311 502 1386 35.
516 1315 547 1386 p.
558 1313 588 1360 1.
615 1288 655 1360 ad
666 1288 727 1359 tria
741 1286 862 1384 puniit
873 1285 1040 1360 xducantur
1050 1287 1187 1360 totidem
1201 1309 1344 1384 tangen-

303 1467 306 1486 λ
339 1411 400 1484 tes,
423 1384 797 1484 (punctisinhancrem
813 1382 898 1458 vices
917 1381 1200 1480 permutantibus)
1225 1403 1344 1470 earum

337 1509 402 1578 ope
415 1485 487 1555 duae
502 1480 651 1553 diametri
666 1481 740 1578 (per
754 1501 904 1578 prop.20.
921 1484 1000 1578 pr.)
1027 1479 1170 1554 inveniti
1186 1479 1343 1576 possunt3

311 1661 314 1668 ¹
338 1583 428 1671 Quae
448 1577 472 1651 fi
493 1575 533 1649 ad
548 1577 673 1650 easdem
699 1599 801 1674 partes
821 1572 965 1672 cujusvis
985 1575 1089 1651 tadius
1105 1578 1342 1672 conjungentis

275 1725 277 1732 .
338 1693 538 1753 concurrant
559 1672 600 1746 ad
621 1669 787 1770 quaeipsae
803 1692 981 1768 tangentes,
1004 1673 1076 1744 Erit
1091 1673 1190 1745 sedin
1206 1675 1342 1768 Hyper·
1403 1701 1405 1776 ,

298 1803 299 1806 ¹
338 1770 415 1844 bola
437 1768 521 1868 [fite
535 1769 800 1869 sediioneaopp]
836 1769 941 1860 Quod
964 1769 1061 1841 etiarn
1076 1770 1151 1866 etit,
1173 1767 1281 1842 stduo
1300 1769 1341 1845 [i-

330 1863 409 1940 'mul
427 1871 551 1940 dentur
573 1865 693 1964 pundta
709 1866 838 1941 infinite
850 1865 1011 1941 distantia.
1045 1865 1080 1938 si
1095 1865 1243 1939 diametri
1257 1891 1343 1941 con·

338 1986 471 2038 currant
487 1963 527 2036 ad
538 1963 714 2052 contrarias
724 1983 827 2059 partes
840 1959 1189 2058 tactus'conjungentir
1200 1962 1241 2036 ad
1256 1983 1341 2059 quaa

282 2089 284 2095 ·
336 2059 413 2156 ipsae
438 2082 614 2158 tangentes,
636 2061 708 2132 Erit
734 2059 834 2132 settio
860 2059 1010 2156 Elliplis3
1036 2083 1107 2154 quae
1122 2059 1230 2132 etiarn
1256 2061 1340 2155 (pto

364 2155 536 2229 undiorum
558 2155 644 2249 situ)
675 2155 759 2229 i'orte
786 2155 901 2230 circuli
925 2153 1182 2229 circumferentia
1208 2157 1337 2228 evadat.

336 2183 396 2325 εἰη
418 2251 576 2348 parallelae
605 2252 730 2324 fuerint
760 2252 924 2340 diametri,
945 2253 1008 2323 etit
1039 2251 1138 2324 sedio
1166 2250 1335 2325 Parabola.
1404 2261 1405 2266 ’

336 2351 383 2422 Et
396 2349 576 2422 notandum
601 2347 659 2440 est,
674 2348 776 2446 quod,
801 2349 939 2422 fidetur
962 2371 1028 2420 una
1050 2347 1244 2444 contingens
1259 2373 1335 2422 eunt
1398 2351 1405 2688 p

335 2443 593 2608 tribuspunffls‚
619 2443 698 2530 duas
716 2466 842 2518 tantum
857 2469 959 2520 novas
973 2443 1200 2539 contingentes
1216 2445 1335 2517 ducere

334 2563 419 2632 opus
460 2539 561 2610 uerit:
584 2539 643 2610 Sin
670 2541 789 2614 dentur
813 2541 885 2614 duae
916 2541 1143 2634 contingentes
1163 2565 1237 2612 cunt
1260 2565 1333 2614 uno

334 2631 473 2730 pundio,
503 2632 689 2731 priusquam
713 2637 807 2710 tertia
827 2638 984 2729 ducatur,
1005 2635 1246 2710 inveniendum
1271 2637 1335 2710 erit
1403 2707 1404 2712 ,

157 2725 162 2736 ’
278 2817 281 2830 Ὺ
337 2731 412 2824 (per
428 2727 617 2819 methodum
634 2732 881 2830 praecedentem)
895 2757 1021 2806 novum
1041 2731 1197 2828 punitum
1219 2731 1334 2807 stdiio·

335 2827 399 2910 nis‚
422 2825 462 2898 ad
488 2826 579 2924 quod
604 2827 659 2901 vel
684 2830 778 2902 tertia
798 2827 859 2902 illa
880 2831 1075 2928 contingens
1099 2829 1252 2920 ducatur,
1278 2829 1334 2904 vel
1403 2829 1405 2890 ³

196 2940 198 2948 '
334 2921 483 3021 qudcum
509 2923 598 3022 prius
623 2925 781 3022 punitum
808 2925 894 3000 vie'es
914 2947 1095 3022 permutet,
1118 2927 1333 3000 Secusdetrit

333 3019 493 3116 punitum
506 3019 596 3116 quod
610 3023 722 3116 pundii
739 3025 770 3095 E
795 3025 831 3096 in
843 3025 907 3122 fig.
921 3021 1020 3097 cuod.
1037 3048 1070 3097 1.
1086 3041 1179 3119 prop.
1195 3046 1247 3117 35.
1259 3047 1289 3118 p.
1302 3045 1334 3096 1.

332 3118 372 3208 (i.
389 3140 418 3188 e.
445 3115 560 3213 pundii
576 3119 619 3195 T
642 3118 679 3189 in
689 3121 756 3216 fig.
769 3117 868 3215 hujus
883 3143 943 3216 pro
968 3121 994 3214 .)
1017 3141 1151 3191 munere
1164 3119 1335 3220 fungatur,

333 3211 425 3310 quod
438 3213 480 3284 ab
490 3211 563 3284 aliis
575 3214 728 3288 omnibus
742 3215 905 3314 diversum
919 3145 981 3289 eii'e
996 3215 1116 3288 neceffe
1131 3213 1187 3288 est.

381 3307 415 3383 Si
431 3309 550 3388 dentur
562 3309 636 3382 duae
650 3312 876 3408 contingentes
892 3311 1053 3409 parallelae
1066 3335 1141 3383 curn
1157 3333 1227 3383 uno
1244 3335 1331 3406 pun-

298 3467 300 3476 ,
331 3402 399 3496 dio,
423 3407 495 3478 Erit
513 3403 612 3478 sedio
626 3407 817 3504 Hyperbola
837 3409 907 3516 [uel
923 3407 996 3481 sedi.
1011 3405 1105 3503 opp]
1125 3429 1182 3480 aut
1192 3405 1331 3504 Ellipiit,
1403 3387 1405 3414 Ι

331 3519 435 3593 prout
449 3501 607 3596 punitum
617 3503 698 3578 illud
714 3527 815 3595 extra,
838 3529 980 3591 intrate,
1003 3502 1331 3603 parallelaejacuet'it.
1383 3535 1405 3597 g,

140 3686 143 3695 ἱ
286 3610 288 3618 ’
377 3595 558 3688 Methodus
586 3597 656 3672 haec
679 3600 719 3671 ad
743 3601 844 3694 casus,
867 3605 924 3676 ubi
952 3603 1074 3674 dantur
1092 3601 1186 3674 reeta
1207 3604 1332 3696 quaein
1401 3591 1405 3678 i

191 3706 196 3712 '‘
326 3691 462 3789 'pundiis
485 3691 618 3766 infinite
646 3694 839 3770 distantibus
867 3701 1083 3794 contingant,
1105 3695 1171 3771 hoc
1191 3699 1248 3794 est,
1271 3701 1330 3775 ubi

316 3789 450 3880 dantur
461 3789 522 3862 tria
536 3789 655 3884 pundia
667 3817 742 3865 cum
758 3793 825 3866 und
839 3796 1039 3895 asymproro‚
1064 3797 1118 3868 vel
1134 3817 1237 3867 unum
1251 3819 1329 3870 cum

329 3883 479 3985 utrdque,
493 3909 564 3963 non
586 3889 785 3990 extenditur,
799 3913 930 3989 propter
941 3893 1009 3968 duo
1020 3896 1130 3972 saltent
1144 3890 1272 4064 Ριιιπᾶἰ1
1284 3893 1331 3966 se-

818 4005 821 4016 ’
1082 4003 1084 4007 ·
1183 4013 1248 4064 cun
1276 4015 1330 4066 unt
